<?xml version="1.0" encoding="UTF-8"?><collection xmlns="http://www.loc.gov/MARC21/slim"><record><leader>00625nam--2200193-i-4500</leader><controlfield tag="001">000035394</controlfield><controlfield tag="002">20161230</controlfield><controlfield tag="005">20161230201040</controlfield><controlfield tag="008">060222s1000------------r-----000-0-rum-d</controlfield><datafield ind1=" " ind2=" " tag="040"><subfield code="a">IFIN-HH</subfield></datafield><datafield ind1=" " ind2=" " tag="041"><subfield code="a">rum</subfield></datafield><datafield ind1=" " ind2=" " tag="080"><subfield code="a">621.039.8(043)</subfield></datafield><datafield ind1="1" ind2=" " tag="100"><subfield code="a">Ochiana, Gabriela</subfield></datafield><datafield ind1="1" ind2="0" tag="245"><subfield code="a">Contributii la utilizarea metodei de modelare matematica in radiometria gamma industriala</subfield><subfield code="b">Teza</subfield><subfield code="c">Gabriela ochiana</subfield></datafield><datafield ind1=" " ind2=" " tag="260"><subfield code="a">Bucuresti</subfield><subfield code="b">Institutul De Fizica Si Inginerie Nucleara</subfield><subfield code="c">1988</subfield></datafield><datafield ind1=" " ind2=" " tag="300"><subfield code="a">126P</subfield></datafield><datafield ind1=" " ind2=" " tag="502"><subfield code="a">Conducator Stiintific: Dr. Alexandru Berinde</subfield></datafield><datafield ind1=" " ind2=" " tag="852"><subfield code="a">74660</subfield><subfield code="c">539.1.07:539.1.08</subfield></datafield><datafield ind1=" " ind2=" " tag="CAT"><subfield code="a">Sys</subfield><subfield code="c">20111031</subfield><subfield code="h">143935</subfield></datafield></record></collection>